<collection xmlns="http://www.loc.gov/MARC21/slim">
<record>
  <leader>01903nam0a2200313 i 450 </leader>
  <controlfield tag="001">IT\ICCU\CNCE\039653</controlfield>
  <controlfield tag="005">20160112000000.0</controlfield>
  <datafield tag="012" ind1=" " ind2=" ">
    <subfield code="a">tota sol- lot- uepi (3) 1545 (Q)</subfield>
    <subfield code="2">fei</subfield>
  </datafield>
  <datafield tag="100" ind1=" " ind2=" ">
    <subfield code="a">19981110f1545        0itac0103    ba</subfield>
  </datafield>
  <datafield tag="101" ind1=" " ind2=" ">
    <subfield code="a">ITA</subfield>
  </datafield>
  <datafield tag="102" ind1=" " ind2=" ">
    <subfield code="a">IT</subfield>
  </datafield>
  <datafield tag="200" ind1="1" ind2=" ">
    <subfield code="a">Meditationi deuotissime di santo Bonauentura cardinale sopra la passione del nostro Signore Iesu Christo. Nouamente historiate &amp; in lingua tosca corrette</subfield>
  </datafield>
  <datafield tag="210" ind1=" " ind2=" ">
    <subfield code="d">\non dopo il 1545!</subfield>
    <subfield code="e">In Venetia</subfield>
    <subfield code="g">per Giouanni Andrea Vauassore detto Guadagnino &amp; Florio fratello</subfield>
  </datafield>
  <datafield tag="215" ind1=" " ind2=" ">
    <subfield code="a">63, \1! c.</subfield>
    <subfield code="d">8ʻ</subfield>
  </datafield>
  <datafield tag="300" ind1=" " ind2=" ">
    <subfield code="a">Opera di incerto autore, attribuita a s. Bonaventura. - La data si ricava dall&apos;attivit ̉dei tipografi</subfield>
  </datafield>
  <datafield tag="500" ind1="1" ind2="1">
    <subfield code="3">IT\ICCU\CNCE\023258</subfield>
    <subfield code="a">Meditationes vitae Christi</subfield>
  </datafield>
  <datafield tag="620" ind1=" " ind2=" ">
    <subfield code="a">IT</subfield>
    <subfield code="d">Venezia</subfield>
  </datafield>
  <datafield tag="702" ind1=" " ind2="0">
    <subfield code="a">Bonaventura</subfield>
    <subfield code="c"> : da#Bagnorea</subfield>
    <subfield code="c"> &lt;santo&gt;</subfield>
    <subfield code="3">IT\ICCU\CNCA\001077</subfield>
  </datafield>
  <datafield tag="712" ind1="0" ind2="0">
    <subfield code="a">Valvassori, Giovanni Andrea &amp; Valvassori, Florio</subfield>
    <subfield code="3">IT\ICCU\CNCT\000721</subfield>
    <subfield code="4">650</subfield>
  </datafield>
  <datafield tag="790" ind1=" " ind2="0">
    <subfield code="a">Bonaventura</subfield>
    <subfield code="c"> : da#Bagnoregio</subfield>
    <subfield code="c"> &lt;santo&gt;</subfield>
    <subfield code="3">IT\ICCU\CNCA\012695</subfield>
    <subfield code="z">Bonaventura : da#Bagnorea &lt;santo&gt;</subfield>
  </datafield>
  <datafield tag="790" ind1=" " ind2="0">
    <subfield code="a">Eutichio</subfield>
    <subfield code="3">IT\ICCU\CNCA\018565</subfield>
    <subfield code="z">Bonaventura : da#Bagnorea &lt;santo&gt;</subfield>
  </datafield>
  <datafield tag="790" ind1=" " ind2="0">
    <subfield code="a">Giovanni Pietro</subfield>
    <subfield code="c"> : di#Fidenza</subfield>
    <subfield code="3">IT\ICCU\CNCA\018566</subfield>
    <subfield code="z">Bonaventura : da#Bagnorea &lt;santo&gt;</subfield>
  </datafield>
  <datafield tag="791" ind1="0" ind2="0">
    <subfield code="a">Valvassori, Florio</subfield>
    <subfield code="3">IT\ICCU\CNCT\000722</subfield>
    <subfield code="z">Valvassori, Giovanni Andrea &amp; Valvassori, Florio</subfield>
  </datafield>
  <datafield tag="791" ind1="0" ind2="0">
    <subfield code="a">Vavasorius, Ioannes Andreas &amp; Vavasorius, Florius</subfield>
    <subfield code="3">IT\ICCU\CNCT\004149</subfield>
    <subfield code="z">Valvassori, Giovanni Andrea &amp; Valvassori, Florio</subfield>
  </datafield>
  <datafield tag="801" ind1=" " ind2="3">
    <subfield code="a">IT</subfield>
    <subfield code="b">ICCU</subfield>
    <subfield code="c">20201114</subfield>
  </datafield>
  <datafield tag="899" ind1=" " ind2=" ">
    <subfield code="a">Biblioteca civica Gambalunghiana. Rimini</subfield>
    <subfield code="1">RN0013</subfield>
    <subfield code="2">RAV RI</subfield>
  </datafield>
  <datafield tag="899" ind1=" " ind2=" ">
    <subfield code="a">Nuova biblioteca pubblica Luigi Fumi. Orvieto</subfield>
    <subfield code="1">TR0022</subfield>
    <subfield code="2">UM1 06</subfield>
  </datafield>
  <datafield tag="911" ind1=" " ind2=" ">
    <subfield code="a">In fine</subfield>
    <subfield code="9">IT\ICCU\CNCM\000477</subfield>
  </datafield>
  <datafield tag="921" ind1=" " ind2=" ">
    <subfield code="a">IT\ICCU\CNCM\000477</subfield>
    <subfield code="b">Castello con tre torri, cuore con croce di Lorena ed iniziali Z.A.V., all&apos;interno di uno stemma.</subfield>
    <subfield code="c">Z219</subfield>
    <subfield code="d">Dimensioni: 7,2 x 9,2</subfield>
    <subfield code="f">CASTELLO</subfield>
    <subfield code="f">CROCE</subfield>
    <subfield code="f">CUORE</subfield>
    <subfield code="f">TORRE</subfield>
    <subfield code="f">ZAV</subfield>
    <subfield code="g">1538-1549</subfield>
  </datafield>
</record>
</collection>
